@article{pannocchia:rawlings:wright:2011,
  author = {Gabriele Pannocchia and James B. Rawlings and Stephen J. Wright},
  title = {Conditions under which suboptimal nonlinear {MPC} is inherently robust},
  journal = {Sys. Cont. Let.},
  year = {2011},
  volume = {60},
  pages = {747--755},
}

@article{lazar:heemels:2009,
  author = {M. Lazar and W. P. M. H. Heemels},
  journal = {Automatica},
  number = {1},
  pages = {180--185},
  title = {Predictive control of hybrid systems: Input-to-state stability results for sub-optimal solutions},
  volume = {45},
  year = {2009},
}

@article{grimm:messina:tuna:teel:2005,
  author = {Gene Grimm and Michael J. Messina and Sezai E. Tuna and Andrew R. Teel},
  title = {Model Predictive Control: For Want of a Local Control {Lyapunov} Function, All is Not Lost},
  journal = {{IEEE} Trans. Auto. Cont.},
  year = {2005},
  volume = {50},
  number = {5},
  pages = {546--558},
}

@article{kellet:teel:2004a,
  author = {Christopher M. Kellet and Andrew R. Teel},
  title = {Discrete-time asymptotic controllability implies smooth control-{L}yapunov function},
  journal = {Sys. Cont. Let.},
  year = {2004},
  volume = {52},
  pages = {349-359},
}

@article{meadows:henson:eaton:rawlings:1995,
  author = {Edward S. Meadows and Michael A. Henson and John W. Eaton and James B. Rawlings},
  title = {Receding Horizon Control and Discontinuous State Feedback Stabilization},
  journal = {Int. J. Control},
  volume = {62},
  number = {5},
  pages = {1217-1229},
  year = {1995},
}

@article{coron:1990,
  author = {Jean-Michel Coron},
  title = {A Necessary Condition for Feedback Stabilization},
  journal = {Sys. Cont. Let.},
  year = {1990},
  volume = {14},
  pages = {227--232},
}

@book{rawlings:mayne:2009,
  author = {James B. Rawlings and David Q. Mayne},
  title = {Model Predictive Control: Theory and Design},
  publisher = {Nob Hill Publishing},
  year = {2009},
  address = {Madison, WI},
  note = {576 pages, ISBN 978-0-9759377-0-9},
}

@inproceedings{yu:reble:chen:allgower:2011,
  author = {Shuyou Yu and Marcus Reble and Hong Chen and Frank Allg{\"o}wer},
  title = {Inherent Robustness Properties of Quasi-infinite Horizon {MPC}},
  booktitle = {18th IFAC World Congress, Milan, Italy},
  month = {Sep.},
  pages = {179--184},
  year = {2011},
}

@incollection{teel:2004,
  author = {Andrew R. Teel},
  title = {Discrete Time Receding Horizon Control: is the stability robust},
  booktitle = {Optimal control, stabilization and nonsmooth analysis},
  publisher = {Springer},
  year = {2004},
  editor = {{Marcia S. de Queiroz} and {Michael Malisoff} and {Peter Wolenski}},
  volume = {301},
  series = {Lecture notes in control and information sciences},
  pages = {3-28},
}

